<?xml version="1.0" encoding="UTF-8"?><collection xmlns="http://www.loc.gov/MARC21/slim"><record><leader>00371nam--2200133-i-4500</leader><controlfield tag="001">000019005</controlfield><controlfield tag="002">20161230</controlfield><controlfield tag="005">20161230201033</controlfield><controlfield tag="008">060222s1000------------r-----000-0-eng-d</controlfield><datafield ind1=" " ind2=" " tag="080"><subfield code="a">681.306</subfield></datafield><datafield ind1=" " ind2=" " tag="100"><subfield code="a">Flores, Ivan</subfield></datafield><datafield ind1=" " ind2=" " tag="245"><subfield code="a">Computer software.programming systems for digital computers</subfield></datafield><datafield ind1=" " ind2=" " tag="260"><subfield code="a">Englewood Cliffs, Prentice-hall, Inc., 1965. X + 493 P</subfield></datafield><datafield ind1=" " ind2=" " tag="852"><subfield code="a">27482</subfield></datafield></record></collection>